@book{bushberg,
  title={The essential physics of medical imaging},
  author={Bushberg, Jerrold T and Boone, John M},
  year={2011},
  publisher={Lippincott Williams \& Wilkins}
}

@book{farr,
  title={Farr's physics for medical imaging},
  author={Allisy-Roberts, Penelope J and Williams, Jerry},
  year={2007},
  publisher={Elsevier Health Sciences}
}

@book{python,
  title={Introduction to machine learning with Python: a guide for data scientists},
  author={M{\"u}ller, Andreas C and Guido, Sarah},
  year={2016},
  publisher={" O'Reilly Media, Inc."}
}

@article{sklearn,
 title={Scikit-learn: Machine Learning in {P}ython},
 author={Pedregosa, F. and Varoquaux, G. and Gramfort, A. and Michel, V.
         and Thirion, B. and Grisel, O. and Blondel, M. and Prettenhofer, P.
         and Weiss, R. and Dubourg, V. and Vanderplas, J. and Passos, A. and
         Cournapeau, D. and Brucher, M. and Perrot, M. and Duchesnay, E.},
 year={2011},
 journal={Journal of Machine Learning Research},
}

@article{brattain,
  title={Automated B-line scoring on thoracic sonography},
  author={Brattain, Laura J and Telfer, Brian A and Liteplo, Andrew S and Noble, Vicki E},
  journal={Journal of Ultrasound in Medicine},
  year={2013}
}

@book{geron,
  title={Hands-on machine learning with Scikit-Learn, Keras, and TensorFlow: Concepts, tools, and techniques to build intelligent systems},
  author={G{\'e}ron, Aur{\'e}lien},
  year={2019},
  publisher={O'Reilly Media}
}

@article{aldrich,
  title={Basic physics of ultrasound imaging},
  author={Aldrich, John E},
  journal={Critical care medicine},
  year={2007}
}

@article{vanSloun,
  title={Localizing B-Lines in lung ultrasonography by weakly supervised deep learning, in-vivo results},
  author={van Sloun, Ruud JG and Demi, Libertario},
  journal={IEEE journal of biomedical and health informatics},
  year={2019},
  publisher={IEEE}
}

@article{artifacts,
  title={Clinical significance of US artifacts},
  author={Baad, Michael and Lu, Zheng Feng and Reiser, Ingrid and Paushter, David},
  journal={Radiographics},
  year={2017},
  publisher={Radiological Society of North America}
}

@article{shen,
  title={An introduction to deep learning in medical physics: advantages, potential, and challenges},
  author={Shen, Chenyang and Nguyen, Dan and Zhou, Zhiguo and Jiang, Steve B and Dong, Bin and Jia, Xun},
  journal={Physics in Medicine \& Biology},
  volume={65},
  number={5},
  pages={05TR01},
  year={2020},
  publisher={IOP Publishing}
}

@article{esteva,
  title={Dermatologist-level classification of skin cancer with deep neural networks},
  author={Esteva, Andre and Kuprel, Brett and Novoa, Roberto A and Ko, Justin and Swetter, Susan M and Blau, Helen M and Thrun, Sebastian},
  journal={nature},
  volume={542},
  number={7639},
  pages={115--118},
  year={2017},
  publisher={Nature Publishing Group}
}

@article{rajpurkar,
  title={Chexnet: Radiologist-level pneumonia detection on chest x-rays with deep learning},
  author={Rajpurkar, Pranav and Irvin, Jeremy and Zhu, Kaylie and Yang, Brandon and Mehta, Hershel and Duan, Tony and Ding, Daisy and Bagul, Aarti and Langlotz, Curtis and Shpanskaya, Katie and others},
  journal={arXiv preprint arXiv:1711.05225},
  year={2017}
}

@article{allinovi,
  title={Lung ultrasound may support diagnosis and monitoring of COVID-19 pneumonia},
  author={Allinovi, Marco and Parise, Alberto and Giacalone, Martina and Amerio, Andrea and Delsante, Marco and Odone, Anna and Franci, Andrea and Gigliotti, Fabrizio and Amadasi, Silvia and Delmonte, Davide and others},
  journal={Ultrasound in Medicine and Biology},
  volume={46},
  number={11},
  pages={2908--2917},
  year={2020},
  publisher={Elsevier}
}

@article{ottaviani,
  title={Lung ultrasonography in patients with COVID-19: comparison with CT},
  author={Ottaviani, S and Franc, M and Ebstein, E and Demaria, L and Lheure, C and Debray, MP and Khalil, A and Crestani, B and Borie, R and Dieud{\'e}, P},
  journal={Clinical radiology},
  volume={75},
  number={11},
  pages={877--e1},
  year={2020},
  publisher={Elsevier}
}

@inproceedings{moshavegh,
  title={Novel automatic detection of pleura and B-lines (comet-tail artifacts) on in vivo lung ultrasound scans},
  author={Moshavegh, Ramin and Hansen, Kristoffer Lindskov and S{\o}rensen, Hasse M{\o}ller and Hemmsen, Martin Christian and Ewertsen, Caroline and Nielsen, Michael Bachmann and Jensen, J{\o}rgen Arendt},
  booktitle={Medical Imaging 2016: Ultrasonic Imaging and Tomography},
  volume={9790},
  pages={97900K},
  year={2016},
  organization={International Society for Optics and Photonics}
}

@article{born2020pocovid,
  title={POCOVID-Net: automatic detection of COVID-19 from a new lung ultrasound imaging dataset (POCUS)},
  author={Born, Jannis and Br{\"a}ndle, Gabriel and Cossio, Manuel and Disdier, Marion and Goulet, Julie and Roulin, J{\'e}r{\'e}mie and Wiedemann, Nina},
  journal={arXiv preprint arXiv:2004.12084},
  year={2020}
}

@article{cristiana2020automated,
  title={Automated Lung Ultrasound B-line Assessment Using a Deep Learning Algorithm.},
  author={Cristiana, B and Grzegorz, T and Seungsoo, K and Katelyn, M and Rachel, L and Shaw, M and McNamara, RL and Balasundar, R and Moore, CL},
  journal={IEEE Transactions on Ultrasonics, Ferroelectrics, and Frequency Control},
  year={2020}
}

@article{roy2020deep,
  title={Deep learning for classification and localization of COVID-19 markers in point-of-care lung ultrasound},
  author={Roy, Subhankar and Menapace, Willi and Oei, Sebastiaan and Luijten, Ben and Fini, Enrico and Saltori, Cristiano and Huijben, Iris and Chennakeshava, Nishith and Mento, Federico and Sentelli, Alessandro and others},
  journal={IEEE Transactions on Medical Imaging},
  volume={39},
  number={8},
  pages={2676--2687},
  year={2020},
  publisher={IEEE}
}

@article{tung2020lung,
  title={Lung ultrasound in the monitoring of COVID-19 infection},
  author={Tung-Chen, Yale},
  journal={Clinical Medicine},
  volume={20},
  number={4},
  pages={e62},
  year={2020},
  publisher={Royal College of Physicians}
}

@article{spyder,
  title={Spyder-documentation},
  journal={https://docs.spyder-ide.org/current/index.html}
} 


@article{pycharm,
  title={PyCharm Homepage},
  journal={https://www.jetbrains.com/pycharm/}
} 

@article{numpy,
 title         = {Array programming with {NumPy}},
 author        = {Charles R. Harris and K. Jarrod Millman and St{\'{e}}fan J.
                 van der Walt and Ralf Gommers and Pauli Virtanen and David
                 Cournapeau and Eric Wieser and Julian Taylor and Sebastian
                 Berg and Nathaniel J. Smith and Robert Kern and Matti Picus
                 and Stephan Hoyer and Marten H. van Kerkwijk and Matthew
                 Brett and Allan Haldane and Jaime Fern{\'{a}}ndez del
                 R{\'{i}}o and Mark Wiebe and Pearu Peterson and Pierre
                 G{\'{e}}rard-Marchant and Kevin Sheppard and Tyler Reddy and
                 Warren Weckesser and Hameer Abbasi and Christoph Gohlke and
                 Travis E. Oliphant},
 year          = {2020},
 month         = sep,
 journal       = {Nature},
 volume        = {585},
 number        = {7825},
 pages         = {357--362},
 doi           = {10.1038/s41586-020-2649-2},
 publisher     = {Springer Science and Business Media {LLC}},
 url           = {https://doi.org/10.1038/s41586-020-2649-2}
}

@Article{matplotlib,
  Author    = {Hunter, J. D.},
  Title     = {Matplotlib: A 2D graphics environment},
  Journal   = {Computing in Science \& Engineering},
  Volume    = {9},
  Number    = {3},
  Pages     = {90--95},
  abstract  = {Matplotlib is a 2D graphics package used for Python for
  application development, interactive scripting, and publication-quality
  image generation across user interfaces and operating systems.},
  publisher = {IEEE COMPUTER SOC},
  doi       = {10.1109/MCSE.2007.55},
  year      = 2007
}

@manual{opencv,
  title = {The OpenCV Reference Manual},
  organization = {Itseez},
  edition = {2.4.9.0},
  month = {April},
  year = {2014},
  notes = {See \url{http://opencv.org/}}
  }
  
@article{ultracov,
  title={ULTRACOV project homepage},
  journal={http://ultracov.daselsistemas.com/}
} 