@book{bushberg,
  title={The essential physics of medical imaging},
  author={Bushberg, Jerrold T and Boone, John M},
  year={2011},
  publisher={Lippincott Williams \& Wilkins}
}

@book{farr,
  title={Farr's physics for medical imaging},
  author={Allisy-Roberts, Penelope J and Williams, Jerry},
  year={2007},
  publisher={Elsevier Health Sciences}
}

@book{python,
  title={Introduction to machine learning with Python: a guide for data scientists},
  author={M{\"u}ller, Andreas C and Guido, Sarah},
  year={2016},
  publisher={" O'Reilly Media, Inc."}
}

@article{sklearn,
 title={Scikit-learn: Machine Learning in {P}ython},
 author={Pedregosa, F. and Varoquaux, G. and Gramfort, A. and Michel, V.
         and Thirion, B. and Grisel, O. and Blondel, M. and Prettenhofer, P.
         and Weiss, R. and Dubourg, V. and Vanderplas, J. and Passos, A. and
         Cournapeau, D. and Brucher, M. and Perrot, M. and Duchesnay, E.},
 year={2011},
 journal={Journal of Machine Learning Research},
}

@article{brattain,
  title={Automated B-line scoring on thoracic sonography},
  author={Brattain, Laura J and Telfer, Brian A and Liteplo, Andrew S and Noble, Vicki E},
  journal={Journal of Ultrasound in Medicine},
  year={2013}
}

@book{geron,
  title={Hands-on machine learning with Scikit-Learn, Keras, and TensorFlow: Concepts, tools, and techniques to build intelligent systems},
  author={G{\'e}ron, Aur{\'e}lien},
  year={2019},
  publisher={O'Reilly Media}
}

@article{aldrich,
  title={Basic physics of ultrasound imaging},
  author={Aldrich, John E},
  journal={Critical care medicine},
  year={2007}
}

@article{vanSloun,
  title={Localizing B-Lines in lung ultrasonography by weakly supervised deep learning, in-vivo results},
  author={van Sloun, Ruud JG and Demi, Libertario},
  journal={IEEE journal of biomedical and health informatics},
  year={2019},
  publisher={IEEE}
}

@article{artifacts,
  title={Clinical significance of US artifacts},
  author={Baad, Michael and Lu, Zheng Feng and Reiser, Ingrid and Paushter, David},
  journal={Radiographics},
  year={2017},
  publisher={Radiological Society of North America}
}